@book{Puhakka,
 author = {Puhakka, Antti},
 title = {3D-grafiikka},
 edition = {1.},
 publisher = {Talentum},
 address = {Helsinki, Finland},
 year = {2008},
}

@book{Buss,
 author = {Buss, Samuel R.},
 title = {3D Computer Graphics: A Mathematical Introduction with OpenGL},
 edition = {1.},
 publisher = {Cambridge University Press},
 address = {New York, NY, USA},
 year = {2003},
}

@book{Moller,
 author = {Akenine-Moller, Thomas and Haines, Eric and Hoffman, Naty},
 title = {Real-Time Rendering},
 edition = {3.},
 publisher = {A. K. Peters, Ltd.},
 address = {Natick, MA, USA},
 year = {2008},
} 

@article{Phong,
 author = {Phong, Bui Tuong},
 title = {Illumination for Computer Generated Pictures},
 journal = {Commun. ACM},
 volume = {18},
 number = {6},
 month = jun,
 year = {1975},
 pages = {311--317},
} 

@article{Blinn,
 author = {Blinn, James F.},
 title = {Models of Light Reflection for Computer Synthesized Pictures},
 journal = {SIGGRAPH Comput. Graph.},
 volume = {11},
 number = {2},
 month = jul,
 year = {1977},
 pages = {192--198},
} 

@article{Gouraud, 
 author = {Gouraud, Henri}, 
 title = {Continuous Shading of Curved Surfaces}, 
 journal = {Computers, IEEE Transactions on}, 
 volume = {C-20}, 
 number = {6}, 
 month = jun,
 year = {1971}, 
 pages = {623--629},
}

@article{Luebke,
 title = {How GPUs Work},
 author = {Luebke, David and Humphreys, Greg},
 journal = {IEEE Computer},
 volume = {40},
 number={2},
 month = feb,
 year = {2007},
 pages = {96--100},
 publisher={IEEE},
}

@techreport{Warnock,
 title = {A hidden surface algorithm for computer generated halftone pictures},
 author = {Warnock, John E.},
 month = jun,
 year = {1969},
 institution = {DTIC Document}
}

@article{Crockett,
 title = {An introduction to parallel rendering},
 author = {Crockett, Thomas W.},
 journal = {Parallel Computing},
 volume = {23},
 number = {7},
 pages = {819--843},
 month = jul,
 year = {1997},
 publisher = {Elsevier}
}

@book{Glassner,
 title = {Principles of digital image synthesis: Vol. 1},
 author = {Glassner, Andrew S.},
 volume = {1},
 year = {1995},
 publisher = {Elsevier}
}

@book{Hughes,
 author = {John F. Hughes and Andries van Dam and Morgan McGuire and David F. Sklar and James D. Foley and Steven K. Feiner and Kurt Akeley},
 title = {Computer graphics: principles and practice},
 edition = {3.},
 publisher = {Addison-Wesley Professional},
 address = {Boston, MA, USA},
 year = {2013}
} 

@inproceedings{Ngan,
 author = {Ngan, Addy and Durand, Fr{\'e}do and Matusik, Wojciech},
 title = {Experimental Validation of Analytical BRDF Models},
 booktitle = {ACM SIGGRAPH 2004 Sketches},
 series = {SIGGRAPH '04},
 year = {2004},
 pages = {90},
 publisher = {ACM},
 address = {New York, NY, USA}
} 

@manual{OpenGL,
 title = {The OpenGL Graphics System: A Specification (Version 3.0 - September 23, 2008)},
 author = {Segal, Mark and Akeley, Kurt},
 year = {2008},
 month = sep
}
